<?xml version='1.0' encoding='UTF-8'?>
<record xmlns="http://www.loc.gov/MARC21/slim">
  <leader>01636cam a2200337 a 4500</leader>
  <controlfield tag="001">2750406</controlfield>
  <controlfield tag="003">NjP</controlfield>
  <controlfield tag="005">20170516151224.0</controlfield>
  <controlfield tag="008">870106m19289999iq       b    000 0 arard</controlfield>
  <datafield tag="024" ind1="7" ind2=" ">
    <subfield code="a">princeton_aco001530</subfield>
    <subfield code="2">local</subfield>
  </datafield>
  <datafield ind1=" " ind2=" " tag="035">
    <subfield code="a">(OCoLC)ocn178158002</subfield>
  </datafield>
  <datafield ind1=" " ind2=" " tag="035">
    <subfield code="a">(OCoLC)ocm15039066</subfield>
  </datafield>
  <datafield ind1=" " ind2=" " tag="040">
    <subfield code="a">WAU</subfield>
    <subfield code="c">PUL</subfield>
    <subfield code="d">PUL</subfield>
  </datafield>
  <datafield ind1=" " ind2=" " tag="035">
    <subfield code="a">(OCoLC)178158002</subfield>
  </datafield>
  <datafield ind1=" " ind2=" " tag="035">
    <subfield code="9">CNE2482TS</subfield>
  </datafield>
  <datafield ind1=" " ind2=" " tag="035">
    <subfield code="a">(NjP)2750406</subfield>
  </datafield>
  <datafield ind1=" " ind2=" " tag="079">
    <subfield code="a">ocm15039066</subfield>
  </datafield>
  <datafield ind1=" " ind2=" " tag="049">
    <subfield code="a">PULL</subfield>
  </datafield>
  <datafield ind1="1" ind2=" " tag="100">
    <subfield code="6">880-01</subfield>
    <subfield code="a">Ḥillī, ʻAbd al-Ḥusayn,</subfield>
    <subfield code="d">1883 or 4-</subfield>
  </datafield>
  <datafield ind1="1" ind2="0" tag="240">
    <subfield code="6">880-02</subfield>
    <subfield code="a">Naqd al-nazīh</subfield>
  </datafield>
  <datafield ind1="1" ind2="0" tag="245">
    <subfield code="6">880-03</subfield>
    <subfield code="a">Kitāb al-naqd al-nazīh li-risālat al-Tanzīh :</subfield>
    <subfield code="b">wa-huwa yataḍamman taʼyīd al-shaʻāʼir al-Ḥusaynīyah wa-dafʻ al-shukūk wa-al-shubhāt al-wāridah ʻalayhā /</subfield>
    <subfield code="c">taʼlīf ʻAbd al-Ḥusayn al-Ḥillī al-Najafī.</subfield>
  </datafield>
  <datafield ind1=" " ind2=" " tag="260">
    <subfield code="6">880-04</subfield>
    <subfield code="a">Najaf :</subfield>
    <subfield code="b">al-Maṭbaʻah al-Ḥaydarīyah,</subfield>
    <subfield code="c">1347- [1928 or 1929]-</subfield>
  </datafield>
  <datafield ind1=" " ind2=" " tag="300">
    <subfield code="a">v. ;</subfield>
    <subfield code="c">24 cm.</subfield>
  </datafield>
  <datafield ind1=" " ind2=" " tag="504">
    <subfield code="a">Includes bibliographical references.</subfield>
  </datafield>
  <datafield ind1="1" ind2="0" tag="600">
    <subfield code="6">880-05</subfield>
    <subfield code="a">ʻĀmilī, Muḥsin al-Ḥusaynī,</subfield>
    <subfield code="d">1865-1952.</subfield>
    <subfield code="t">Tanzīh.</subfield>
  </datafield>
  <datafield ind1="1" ind2=" " tag="880">
    <subfield code="6">100-01/r</subfield>
    <subfield code="a">حلي، عبد الحسين،</subfield>
    <subfield code="d">1883 or 4-</subfield>
  </datafield>
  <datafield ind1="1" ind2="0" tag="880">
    <subfield code="6">240-02/r</subfield>
    <subfield code="a">نقد النزيه</subfield>
  </datafield>
  <datafield ind1="1" ind2="0" tag="880">
    <subfield code="6">245-03/r</subfield>
    <subfield code="a">كتاب النقد النزيه لرسالة التنزيه :</subfield>
    <subfield code="b">وهو يتضمن تأييد الشعائر الحسينية ودفع الشكوك والشبهات الواردة عليها /</subfield>
    <subfield code="c">تأليف عبد الحسين الحلي النجفي.</subfield>
  </datafield>
  <datafield ind1=" " ind2=" " tag="880">
    <subfield code="6">260-04/r</subfield>
    <subfield code="a">نجف :</subfield>
    <subfield code="b">المطبعة الحيدرية،</subfield>
    <subfield code="c">1347- [1928 or 1929]</subfield>
  </datafield>
  <datafield ind1="1" ind2="0" tag="880">
    <subfield code="6">600-05/r</subfield>
    <subfield code="a">عاملي، محسن الحسيني،</subfield>
    <subfield code="d">1865-1952.</subfield>
    <subfield code="t">تنزيه.</subfield>
  </datafield>
  <datafield ind1=" " ind2=" " tag="911">
    <subfield code="a">20000130</subfield>
  </datafield>
  <datafield ind1=" " ind2=" " tag="994">
    <subfield code="a">C0</subfield>
    <subfield code="b">PUL</subfield>
  </datafield>
  <datafield ind1=" " ind2=" " tag="999">
    <subfield code="a">2750406</subfield>
  </datafield>
  <datafield ind1="0" ind2="1" tag="852">
    <subfield code="0">3061122</subfield>
    <subfield code="b">nec</subfield>
    <subfield code="h">BP194.1.A473</subfield>
    <subfield code="i">H54 1928</subfield>
  </datafield>
  <datafield ind1=" " ind2="0" tag="866">
    <subfield code="0">3061122</subfield>
    <subfield code="8">0</subfield>
    <subfield code="a">v.1</subfield>
  </datafield>
  <datafield ind1=" " ind2=" " tag="959">
    <subfield code="a">2009-07-07 09:40:30 -0400</subfield>
  </datafield>
</record>
